@ARTICLE {art01,
    author  = "Sergio Manuel Serra da Cruz, Jonice de Oliveira Sampaio",
    title   = "Investigando a Mobilidade Urbana Através de Dados Abertos Governamentais Enriquecidos com Proveniência",
    journal = "iSys - Revista Brasileira de Sistemas de Informação",
    year    = "2018",
    volume  = "11",
    number  = "2"
}

@ARTICLE {art02,
    author  = "Sérgio Manuel Serra da Cruz",
    title   = "BusInRio: Explorando Dados Abertos de Transporte Público do Município do Rio de Janeiro.",
    journal = "iSys - Revista Brasileira de Sistemas de Informação",
    year    = "2015",
    volume  = "11",
    number  = "2"
}

@ARTICLE {art03,
    author  = "Daniel Farias Batista leite, Júlio Henrique Rocha, Cláudio de Souza baptista",
    title   = "Busão: um Sistema de Informações Móvel para Auxílio à. Mobilidade Urbana Através do Uso de Transporte Coletivo",
    journal = "Universidade Federal de Minas Gerais",
    year    = "2015"
}

@ARTICLE {art04,
    author  = "Fábio Silva Gomes da Gama e Abreu",
    title   = "Desmistificando O Conceito De ETL",
    journal = "Revista de Sistemas de Informação",
    year    = "2008"
}

@ARTICLE {art05,
    author  = "Pablo Castro,Sergey Melnik,Atul Adya",
    title   = "ADO.NET Entity Framework: Raising the Level of Abstraction in Data Programming",
    journal = "SIGMOD’07",
    year    = "2007",
    volume  = "978-1-59593-686-8/07/0006",
    number  = "1"
}

@ARTICLE {art06,
    author  = "Biplav Srivastava, Jana Koehler",
    title   = "Web Service Composition - Current Solutions and Open Problems",
    journal = "Sams Publishing",
    year    = "2007",
}

@ARTICLE {art07,
    author  = "Craig McMurtry, Marc Mercuri, Nigel Watling, Matt Winkler",
    title   = "Windows Communication Foundation Unleashed",
    journal = "ICAPS Workshop on Planning for Web Services",
    year    = "2007",
    volume  = "143",
    number  = "1"
}

@ARTICLE {art08,
    author  = "João Ferreira, Miguel Miranda, António Abelha e José Machado",
    title   = "O Processo ETL em Sistemas Data Warehouse",
    journal = "INForum 2010 - II Simposio de Informatica",
    year    = "2010",
    volume  = "757–765",
}

@ARTICLE {art09,
    author  = "Sandir Rodrigues Campos",
    title   = "Validação de dados em sistemas de data warehouse através de índice de similaridade no processo de etl e mapeamento de trilhas de auditoria utilizando indexação ontológica",
    journal = "PPGEE.DM-517/13",
    year = "2013"
}

@ARTICLE {art10,
    author  = "Célio de Oliveira Cordeiro, Heloisa Maria Braga Cardoso da Silva,Rafael Lira de Carvalho ,Silvana Dacol, Waltair Vieira Machado",
    title   = "A qualidade do sistema de transporte coletivo por ônibus em Manaus",
    journal = "XXVI ENEGEP",
    year = "2006"
}

@ARTICLE {art11,
    author  = "Manuel do Carmo, Luiz Carlos Rodrigues França, Ricardo Jorge da Cunha Costa Nogueira",
    title  = "Transporte Coletivo: Um Estudo sobre o Nível de Satisfação dos Usuários a partir dos Cinco Terminais e Paradas de Ônibus de Manaus",
    journal = "Dialógica",
    volume  = "vol.2",
    year = "2008"
}

@ARTICLE {art12,
    author  = "Marcos Cesar Weiss, Roberto Carlos Bernardes, Flavia Luciane Consoni",
    title  = "Cidades inteligentes como nova prática para o gerenciamento dos serviços e infraestruturas urbanos: a experiência da cidade de Porto Alegre",
    journal = "urbe. Revista Brasileira de Gestão Urbana (Brazilian Journal of Urban Management)",
    year = "2014"
}

@ARTICLE {art13,
    author  = "Marcos Cesar Weiss, Roberto Carlos Bernardes, Flavia Luciane Consoni",
    title  = "Cidades inteligentes: casos e perspectivas para as cidades brasileiras",
    journal = "Revista Tecnológica da Fatec Americana",
    volume  = "vol.5",
    year = "2017"
}

@online{site01,
	author = {INDA - Infraestrutura Nacional de Dados Abertos},
	title = {Conjuntos de dados},
	url = {http://dados.gov.br/dataset},
	urldate = {2018-07-18}
}

@online{site02,
    author = "Google Matrix",
    title  = "Matrix API",
    month  = "aug",
    year   = "2018",
    url    = "https://developers.google.com/maps/documentation/distance-matrix/start"
}

@online{site03,
    author = "Google Geocoding",
    title  = "Geocoding API",
    month  = "sep",
    year   = "2018",
    url    = "https://developers.google.com/maps/documentation/geocoding/start"
}

@online{site04,
    author = "Microsoft",
    title  = "Documentação do SQL Server",
    month  = "Aug",
    year   = "2018",
    url    = "https://docs.microsoft.com/pt-br/sql/sql-server/sql-server-technical-documentation?view=sql-server-2017"
}

@ONLINE {site05,
    author = "FOLDOC",
    title  = "Application Program Interface",
    month  = "oct",
    year   = "2018",
    url    = "http://foldoc.org/Application+Program+Interface"
}

@ONLINE {site06,
    author = "BASE2",
    title  = "Você conhece a diferença entre os APIs e Web Services?",
    month  = "oct",
    year   = "2018",
    url    = "http://www.base2.com.br/2016/06/08/voce-conhece-a-diferenca-entre-os-apis-e-web-services/"
}

@ONLINE {site07,
    author = "JSON",
    title  = "Introducing JSON",
    month  = "oct",
    year   = "2018",
    url    = "http://www.json.org/"
}